<?xml version="1.0" encoding="UTF-8"?><record xmlns="http://www.loc.gov/MARC21/slim" xmlns:cinclude="http://apache.org/cocoon/include/1.0" xmlns:zs="http://www.loc.gov/zing/srw/">
  <leader>00470nz  a2200133n  4500</leader>
  <controlfield tag="001">n 2002028873</controlfield>
  <controlfield tag="003">DLC</controlfield>
  <controlfield tag="005">20020307153732.0</controlfield>
  <controlfield tag="008">020307n| acannaabn          |n aaa      </controlfield>
  <datafield tag="010" ind1=" " ind2=" ">
    <subfield code="a">n 2002028873</subfield>
  </datafield>
  <datafield tag="040" ind1=" " ind2=" ">
    <subfield code="a">DLC</subfield>
    <subfield code="b">eng</subfield>
    <subfield code="c">DLC</subfield>
  </datafield>
  <datafield tag="100" ind1="1" ind2=" ">
    <subfield code="a">Row, S. B.,</subfield>
    <subfield code="d">1828-1904</subfield>
  </datafield>
  <datafield tag="670" ind1=" " ind2=" ">
    <subfield code="a">Row, S. B. Clearfield County, or, Reminiscences of the past, 2000:</subfield>
    <subfield code="b">t.p. (S.B. Row) p. 115 (b. Dec. 15, 1828 in Westmoreland Co., Pa.; d. 1904)</subfield>
  </datafield>
  <datafield tag="670" ind1=" " ind2=" ">
    <subfield code="a">LC database, Mar. 7, 2002:</subfield>
    <subfield code="b">(hdg.: Row, S. B.)</subfield>
  </datafield>
</record>